@misc{MarketShareByOS,
	author={IDC Research, Inc.},
	title={Smartphone OS Market Share, 2015 Q2},
	howpublished={\url{http://www.idc.com/prodserv/smartphone-os-market-share.jsp}},
	year={2015},
	langid={english},
}

@misc{xamarin,
	author = {Xamarin},
	title = {Xamarin Platform},
	year = {2016},
	howpublished={\url{https://www.xamarin.com/platform}},
}

@misc{hybridFrameworks,
	author = {Danny Markov},
	title = {Comparing The Top Frameworks For Building Hybrid Mobile Apps},
	year = {2015},
	howpublished = {\url{http://tutorialzine.com/2015/10/comparing-the-top-frameworks-for-building-hybrid-mobile-apps/}},
}

@misc{SoapRest,
	author = {John Mueller},
	title = {Understanding SOAP and REST Basics And Differences},
	year = {2013},
	howpublished = {\url{http://blog.smartbear.com/apis/understanding-soap-and-rest-basics/}},
}

@misc{SoapDocs,
	author = {Martin Gudgin and Marc Hadley and Noah Mendelsohn and Jean-Jacques Moreau and Henrik Frystyk Nielsen and Anish Karmarkar and Yves Lafon},
	title = {SOAP Version 1.2 Part 1: Messaging Framework (Second Edition)},
	year = {2007},
	howpublished = {\url{http://www.w3.org/TR/soap12-part1/}},
}

@misc{StormpathAPISecurity,
	author = {Team Stormpath},
	title = {Secure Your REST APIâ€¦ The Right Way},
	year = {2013},
	howpublished = {\url{https://stormpath.com/blog/secure-your-rest-api-right-way}}
}

@misc{uuidRef,
	author = {P. Leach and M. Mealling and R. Salz},
	title = {A Universally Unique IDentifier (UUID) URN Namespace},
	year = {2005},
	howpublished = {\url{https://tools.ietf.org/html/rfc4122}},
}

@misc{jwtRef,
	author = {M. Jones and J. Bradley and N. Sakimura},
	title = {JSON Web Token (JWT)},
	year = {2015},
	howpublished = {\url{https://tools.ietf.org/html/rfc7519}},
}

@book{spa,
	author = {Mikito Takada},
	title = {Single page apps in depth a.k.a Mixu's single page app book},
	date = {2013},
}

@misc{cssFrameworks,
	author = {awwwards-team},
	title = {What are Frameworks? 22 Best Responsive CSS Frameworks for Web Design},
	year = {2016},
	howpublished = {\url{http://www.awwwards.com/what-are-frameworks-22-best-responsive-css-frameworks-for-web-design.html}},
}
